@book{Oetiker2000,
  author = {Oetiker, Tobias and Partl, Hubert and Hyna, Irene and Schlegl, Elisabeth},
  month = {3},
  note = {Version 6.3},
  title = {The Not So Short Introduction to LaTeX},
  url = {http://tobi.oetiker.ch/lshort/lshort.pdf},
  year = 2018
}

@book{Oetiker2001,
  author = {Oetiker, Tobias and Partl, Hubert and Hyna, Irene and Schlegl, Elisabeth},
  month = {3},
  note = {Version 6.3},
  title = {The Not So Short Introduction to LaTeX},
  url = {http://tobi.oetiker.ch/lshort/lshort.pdf},
  year = 2018
}

@book{Oetiker2002,
  author = {Oetiker, Tobias and Partl, Hubert and Hyna, Irene and Schlegl, Elisabeth},
  month = {3},
  note = {Version 6.3},
  title = {The Not So Short Introduction to LaTeX},
  url = {http://tobi.oetiker.ch/lshort/lshort.pdf},
  year = 2018
}

@book{Oetiker2003,
  author = {Oetiker, Tobias and Partl, Hubert and Hyna, Irene and Schlegl, Elisabeth},
  month = {3},
  note = {Version 6.3},
  title = {The Not So Short Introduction to LaTeX},
  url = {http://tobi.oetiker.ch/lshort/lshort.pdf},
  year = 2018
}

@book{Oetiker2004,
  author = {Oetiker, Tobias and Partl, Hubert and Hyna, Irene and Schlegl, Elisabeth},
  month = {3},
  note = {Version 6.3},
  title = {The Not So Short Introduction to LaTeX},
  url = {http://tobi.oetiker.ch/lshort/lshort.pdf},
  year = 2018
}

@book{Oetiker2005,
  author = {Oetiker, Tobias and Partl, Hubert and Hyna, Irene and Schlegl, Elisabeth},
  month = {3},
  note = {Version 6.3},
  title = {The Not So Short Introduction to LaTeX},
  url = {http://tobi.oetiker.ch/lshort/lshort.pdf},
  year = 2018
}

@book{Oetiker2006,
  author = {Oetiker, Tobias and Partl, Hubert and Hyna, Irene and Schlegl, Elisabeth},
  month = {3},
  note = {Version 6.3},
  title = {The Not So Short Introduction to LaTeX},
  url = {http://tobi.oetiker.ch/lshort/lshort.pdf},
  year = 2018
}

@book{Oetiker2007,
  author = {Oetiker, Tobias and Partl, Hubert and Hyna, Irene and Schlegl, Elisabeth},
  month = {3},
  note = {Version 6.3},
  title = {The Not So Short Introduction to LaTeX},
  url = {http://tobi.oetiker.ch/lshort/lshort.pdf},
  year = 2018
}

@book{Oetiker2008,
  author = {Oetiker, Tobias and Partl, Hubert and Hyna, Irene and Schlegl, Elisabeth},
  month = {3},
  note = {Version 6.3},
  title = {The Not So Short Introduction to LaTeX},
  url = {http://tobi.oetiker.ch/lshort/lshort.pdf},
  year = 2018
}

@book{Oetiker2009,
  author = {Oetiker, Tobias and Partl, Hubert and Hyna, Irene and Schlegl, Elisabeth},
  month = {3},
  note = {Version 6.3},
  title = {The Not So Short Introduction to LaTeX},
  url = {http://tobi.oetiker.ch/lshort/lshort.pdf},
  year = 2018
}

@book{Oetiker2010,
  author = {Oetiker, Tobias and Partl, Hubert and Hyna, Irene and Schlegl, Elisabeth},
  month = {3},
  note = {Version 6.3},
  title = {The Not So Short Introduction to LaTeX},
  url = {http://tobi.oetiker.ch/lshort/lshort.pdf},
  year = 2018
}

@book{Oetiker2011,
  author = {Oetiker, Tobias and Partl, Hubert and Hyna, Irene and Schlegl, Elisabeth},
  month = {3},
  note = {Version 6.3},
  title = {The Not So Short Introduction to LaTeX},
  url = {http://tobi.oetiker.ch/lshort/lshort.pdf},
  year = 2018
}

@book{Oetiker2012,
  author = {Oetiker, Tobias and Partl, Hubert and Hyna, Irene and Schlegl, Elisabeth},
  month = {3},
  note = {Version 6.3},
  title = {The Not So Short Introduction to LaTeX},
  url = {http://tobi.oetiker.ch/lshort/lshort.pdf},
  year = 2018
}

@book{Oetiker2013,
  author = {Oetiker, Tobias and Partl, Hubert and Hyna, Irene and Schlegl, Elisabeth},
  month = {3},
  note = {Version 6.3},
  title = {The Not So Short Introduction to LaTeX},
  url = {http://tobi.oetiker.ch/lshort/lshort.pdf},
  year = 2018
}

@book{Oetiker2014,
  author = {Oetiker, Tobias and Partl, Hubert and Hyna, Irene and Schlegl, Elisabeth},
  month = {3},
  note = {Version 6.3},
  title = {The Not So Short Introduction to LaTeX},
  url = {http://tobi.oetiker.ch/lshort/lshort.pdf},
  year = 2018
}

@book{Oetiker2015,
  author = {Oetiker, Tobias and Partl, Hubert and Hyna, Irene and Schlegl, Elisabeth},
  month = {3},
  note = {Version 6.3},
  title = {The Not So Short Introduction to LaTeX},
  url = {http://tobi.oetiker.ch/lshort/lshort.pdf},
  year = 2018
}

@book{Oetiker2016,
  author = {Oetiker, Tobias and Partl, Hubert and Hyna, Irene and Schlegl, Elisabeth},
  month = {3},
  note = {Version 6.3},
  title = {The Not So Short Introduction to LaTeX},
  url = {http://tobi.oetiker.ch/lshort/lshort.pdf},
  year = 2018
}


@book{Oetiker2017,
  author = {Oetiker, Tobias and Partl, Hubert and Hyna, Irene and Schlegl, Elisabeth},
  month = {3},
  note = {Version 6.3},
  title = {The Not So Short Introduction to LaTeX},
  url = {http://tobi.oetiker.ch/lshort/lshort.pdf},
  year = 2018
}


@book{Oetiker2018,
  author = {Oetiker, Tobias and Partl, Hubert and Hyna, Irene and Schlegl, Elisabeth},
  month = {3},
  note = {Version 6.3},
  title = {The Not So Short Introduction to LaTeX},
  url = {http://tobi.oetiker.ch/lshort/lshort.pdf},
  year = 2018
}

@book{Oetiker2019,
  author = {Oetiker, Tobias and Partl, Hubert and Hyna, Irene and Schlegl, Elisabeth},
  month = {3},
  note = {Version 6.3},
  title = {The Not So Short Introduction to LaTeX},
  url = {http://tobi.oetiker.ch/lshort/lshort.pdf},
  year = 2018
}

@book{Oetiker2020,
  author = {Oetiker, Tobias and Partl, Hubert and Hyna, Irene and Schlegl, Elisabeth},
  month = {3},
  note = {Version 6.3},
  title = {The Not So Short Introduction to LaTeX},
  url = {http://tobi.oetiker.ch/lshort/lshort.pdf},
  year = 2018
}

@book{Oetiker2021,
  author = {Oetiker, Tobias and Partl, Hubert and Hyna, Irene and Schlegl, Elisabeth},
  month = {3},
  note = {Version 6.3},
  title = {The Not So Short Introduction to LaTeX},
  url = {http://tobi.oetiker.ch/lshort/lshort.pdf},
  year = 2018
}

@book{Oetiker2022,
  author = {Oetiker, Tobias and Partl, Hubert and Hyna, Irene and Schlegl, Elisabeth},
  month = {3},
  note = {Version 6.3},
  title = {The Not So Short Introduction to LaTeX},
  url = {http://tobi.oetiker.ch/lshort/lshort.pdf},
  year = 2018
}

@book{Oetiker2023,
  author = {Oetiker, Tobias and Partl, Hubert and Hyna, Irene and Schlegl, Elisabeth},
  month = {3},
  note = {Version 6.3},
  title = {The Not So Short Introduction to LaTeX},
  url = {http://tobi.oetiker.ch/lshort/lshort.pdf},
  year = 2018
}

@book{Oetiker2024,
  author = {Oetiker, Tobias and Partl, Hubert and Hyna, Irene and Schlegl, Elisabeth},
  month = {3},
  note = {Version 6.3},
  title = {The Not So Short Introduction to LaTeX},
  url = {http://tobi.oetiker.ch/lshort/lshort.pdf},
  year = 2018
}

@book{Oetiker2025,
  author = {Oetiker, Tobias and Partl, Hubert and Hyna, Irene and Schlegl, Elisabeth},
  month = {3},
  note = {Version 6.3},
  title = {The Not So Short Introduction to LaTeX},
  url = {http://tobi.oetiker.ch/lshort/lshort.pdf},
  year = 2018
}

@book{Oetiker2026,
  author = {Oetiker, Tobias and Partl, Hubert and Hyna, Irene and Schlegl, Elisabeth},
  month = {3},
  note = {Version 6.3},
  title = {The Not So Short Introduction to LaTeX},
  url = {http://tobi.oetiker.ch/lshort/lshort.pdf},
  year = 2018
}

@book{Oetiker2027,
  author = {Oetiker, Tobias and Partl, Hubert and Hyna, Irene and Schlegl, Elisabeth},
  month = {3},
  note = {Version 6.3},
  title = {The Not So Short Introduction to LaTeX},
  url = {http://tobi.oetiker.ch/lshort/lshort.pdf},
  year = 2018
}

@book{Oetiker2028,
  author = {Oetiker, Tobias and Partl, Hubert and Hyna, Irene and Schlegl, Elisabeth},
  month = {3},
  note = {Version 6.3},
  title = {The Not So Short Introduction to LaTeX},
  url = {http://tobi.oetiker.ch/lshort/lshort.pdf},
  year = 2018
}

@book{Oetiker2029,
  author = {Oetiker, Tobias and Partl, Hubert and Hyna, Irene and Schlegl, Elisabeth},
  month = {3},
  note = {Version 6.3},
  title = {The Not So Short Introduction to LaTeX},
  url = {http://tobi.oetiker.ch/lshort/lshort.pdf},
  year = 2018
}

@book{Oetiker2030,
  author = {Oetiker, Tobias and Partl, Hubert and Hyna, Irene and Schlegl, Elisabeth},
  month = {3},
  note = {Version 6.3},
  title = {The Not So Short Introduction to LaTeX},
  url = {http://tobi.oetiker.ch/lshort/lshort.pdf},
  year = 2018
}

@book{Oetiker2031,
  author = {Oetiker, Tobias and Partl, Hubert and Hyna, Irene and Schlegl, Elisabeth},
  month = {3},
  note = {Version 6.3},
  title = {The Not So Short Introduction to LaTeX},
  url = {http://tobi.oetiker.ch/lshort/lshort.pdf},
  year = 2018
}

@book{Oetiker2032,
  author = {Oetiker, Tobias and Partl, Hubert and Hyna, Irene and Schlegl, Elisabeth},
  month = {3},
  note = {Version 6.3},
  title = {The Not So Short Introduction to LaTeX},
  url = {http://tobi.oetiker.ch/lshort/lshort.pdf},
  year = 2018
}

@book{Oetiker2033,
  author = {Oetiker, Tobias and Partl, Hubert and Hyna, Irene and Schlegl, Elisabeth},
  month = {3},
  note = {Version 6.3},
  title = {The Not So Short Introduction to LaTeX},
  url = {http://tobi.oetiker.ch/lshort/lshort.pdf},
  year = 2018
}

@book{Oetiker2034,
  author = {Oetiker, Tobias and Partl, Hubert and Hyna, Irene and Schlegl, Elisabeth},
  month = {3},
  note = {Version 6.3},
  title = {The Not So Short Introduction to LaTeX},
  url = {http://tobi.oetiker.ch/lshort/lshort.pdf},
  year = 2018
}

@book{Oetiker2035,
  author = {Oetiker, Tobias and Partl, Hubert and Hyna, Irene and Schlegl, Elisabeth},
  month = {3},
  note = {Version 6.3},
  title = {The Not So Short Introduction to LaTeX},
  url = {http://tobi.oetiker.ch/lshort/lshort.pdf},
  year = 2018
}

@book{Oetiker2036,
  author = {Oetiker, Tobias and Partl, Hubert and Hyna, Irene and Schlegl, Elisabeth},
  month = {3},
  note = {Version 6.3},
  title = {The Not So Short Introduction to LaTeX},
  url = {http://tobi.oetiker.ch/lshort/lshort.pdf},
  year = 2018
}


@book{Oetiker2037,
  author = {Oetiker, Tobias and Partl, Hubert and Hyna, Irene and Schlegl, Elisabeth},
  month = {3},
  note = {Version 6.3},
  title = {The Not So Short Introduction to LaTeX},
  url = {http://tobi.oetiker.ch/lshort/lshort.pdf},
  year = 2018
}


@book{Oetiker2038,
  author = {Oetiker, Tobias and Partl, Hubert and Hyna, Irene and Schlegl, Elisabeth},
  month = {3},
  note = {Version 6.3},
  title = {The Not So Short Introduction to LaTeX},
  url = {http://tobi.oetiker.ch/lshort/lshort.pdf},
  year = 2018
}

@book{Oetiker2039,
  author = {Oetiker, Tobias and Partl, Hubert and Hyna, Irene and Schlegl, Elisabeth},
  month = {3},
  note = {Version 6.3},
  title = {The Not So Short Introduction to LaTeX},
  url = {http://tobi.oetiker.ch/lshort/lshort.pdf},
  year = 2018
}